%% LaTeX2e file `mybib.bib'
%% generated by the `filecontents' environment
%% from source `prelim' on 2021/10/19.
%%
@article{cryostat,
   title={The CUORE cryostat: An infrastructure for rare event searches at millikelvin temperatures},
   volume={102},
   ISSN={0011-2275},
   url={http://dx.doi.org/10.1016/j.cryogenics.2019.06.011},
   DOI={10.1016/j.cryogenics.2019.06.011},
   journal={Cryogenics},
   publisher={Elsevier BV},
   author={Alduino, C. and Alessandria, F. and Balata, M. and Biare, D. and Biassoni, M. and Bucci, C. and Caminata, A. and Canonica, L. and Cappelli, L. and Ceruti, G. and et al.},
   year={2019},
   month={Sep},
   pages={9â€“21}
}
