@Book{squid,
  editor =   {John Clarke and Alex I. Braginski},
  title =    {The Squid Handbook},
  publisher =    {WILEY-VCH},
  year =     {2004}
}

@Book{chernyak,
editor = {Chernyak, D. M.
and Danevich, F. A.
and Giuliani, A.
and Olivieri, E.
and Tenconi, M.
and Tretyak, V. I.},
title = {Random coincidence of 2$\nu$2$\beta$ decay events as a background source in bolometric 0$\nu$2$\beta$ decay experiments},
year = {2012}
}

